%% This BibTeX bibliography file was created using BibDesk.
%% http://bibdesk.sourceforge.net/


%% Created for Dun Wang at 2015-03-09 00:04:43 -0400 


%% Saved with string encoding Unicode (UTF-8) 



@article{pdc2,
	Adsnote = {Provided by the SAO/NASA Astrophysics Data System},
	Adsurl = {http://adsabs.harvard.edu/abs/2012PASP..124..985S},
	Archiveprefix = {arXiv},
	Author = {{Stumpe}, M.~C. and {Smith}, J.~C. and {Van Cleve}, J.~E. and {Twicken}, J.~D. and {Barclay}, T.~S. and {Fanelli}, M.~N. and {Girouard}, F.~R. and {Jenkins}, J.~M. and {Kolodziejczak}, J.~J. and {McCauliff}, S.~D. and {Morris}, R.~L.},
	Date-Added = {2015-03-09 03:58:21 +0000},
	Date-Modified = {2015-03-09 04:02:31 +0000},
	Doi = {10.1086/667698},
	Eprint = {1203.1382},
	Journal = {\pasp},
	Keywords = {Data Analysis and Techniques},
	Month = sep,
	Pages = {985-999},
	Primaryclass = {astro-ph.IM},
	Title = {{Kepler Presearch Data Conditioning I - Architecture and Algorithms for Error Correction in Kepler Light Curves}},
	Volume = 124,
	Year = 2012,
	Bdsk-Url-1 = {http://dx.doi.org/10.1086/667698}}

@article{pdc3,
	Adsnote = {Provided by the SAO/NASA Astrophysics Data System},
	Adsurl = {http://adsabs.harvard.edu/abs/2012PASP..124.1000S},
	Archiveprefix = {arXiv},
	Author = {{Smith}, J.~C. and {Stumpe}, M.~C. and {Van Cleve}, J.~E. and {Jenkins}, J.~M. and {Barclay}, T.~S. and {Fanelli}, M.~N. and {Girouard}, F.~R. and {Kolodziejczak}, J.~J. and {McCauliff}, S.~D. and {Morris}, R.~L. and {Twicken}, J.~D.},
	Date-Added = {2015-03-09 03:58:20 +0000},
	Date-Modified = {2015-03-09 04:02:38 +0000},
	Doi = {10.1086/667697},
	Eprint = {1203.1383},
	Journal = {\pasp},
	Keywords = {Data Analysis and Techniques},
	Month = sep,
	Pages = {1000-1014},
	Primaryclass = {astro-ph.IM},
	Title = {{Kepler Presearch Data Conditioning II - A Bayesian Approach to Systematic Error Correction}},
	Volume = 124,
	Year = 2012,
	Bdsk-Url-1 = {http://dx.doi.org/10.1086/667697}}

@inproceedings{pdc1,
	Adsnote = {Provided by the SAO/NASA Astrophysics Data System},
	Adsurl = {http://adsabs.harvard.edu/abs/2010SPIE.7740E..1UT},
	Author = {{Twicken}, J.~D. and {Chandrasekaran}, H. and {Jenkins}, J.~M. and {Gunter}, J.~P. and {Girouard}, F. and {Klaus}, T.~C.},
	Booktitle = {Society of Photo-Optical Instrumentation Engineers (SPIE) Conference Series},
	Date-Added = {2015-03-09 03:55:45 +0000},
	Date-Modified = {2015-03-09 04:02:45 +0000},
	Doi = {10.1117/12.856798},
	Eid = {77401U},
	Month = jul,
	Pages = {1},
	Series = {Society of Photo-Optical Instrumentation Engineers (SPIE) Conference Series},
	Title = {{Presearch data conditioning in the Kepler Science Operations Center pipeline}},
	Volume = 7740,
	Year = 2010,
	Bdsk-Url-1 = {http://dx.doi.org/10.1117/12.856798}}

@article{whitepaper,
	Adsnote = {Provided by the SAO/NASA Astrophysics Data System},
	Adsurl = {http://adsabs.harvard.edu/abs/2013arXiv1309.0653H},
	Archiveprefix = {arXiv},
	Author = {{Hogg}, D.~W. and {Angus}, R. and {Barclay}, T. and {Dawson}, R. and {Fergus}, R. and {Foreman-Mackey}, D. and {Harmeling}, S. and {Hirsch}, M. and {Lang}, D. and {Montet}, B.~T. and {Schiminovich}, D. and {Sch{\"o}lkopf}, B.},
	Date-Added = {2015-03-09 00:00:10 +0000},
	Date-Modified = {2015-03-09 00:01:39 +0000},
	Eprint = {1309.0653},
	Journal = {ArXiv e-prints},
	Keywords = {Astrophysics - Instrumentation and Methods for Astrophysics},
	Month = sep,
	Primaryclass = {astro-ph.IM},
	Title = {{Maximizing Kepler science return per telemetered pixel: Detailed models of the focal plane in the two-wheel era}},
	Year = 2013}

@article{k2,
	Adsnote = {Provided by the SAO/NASA Astrophysics Data System},
	Adsurl = {http://adsabs.harvard.edu/abs/2015arXiv150204715F},
	Archiveprefix = {arXiv},
	Author = {{Foreman-Mackey}, D. and {Montet}, B.~T. and {Hogg}, D.~W. and {Morton}, T.~D. and {Wang}, D. and {Sch{\"o}lkopf}, B.},
	Date-Added = {2015-03-08 23:57:39 +0000},
	Date-Modified = {2015-03-09 00:01:27 +0000},
	Eprint = {1502.04715},
	Journal = {ArXiv e-prints},
	Keywords = {Astrophysics - Earth and Planetary Astrophysics, Astrophysics - Instrumentation and Methods for Astrophysics},
	Month = feb,
	Primaryclass = {astro-ph.EP},
	Title = {{A systematic search for transiting planets in the K2 data}},
	Year = 2015}

@inproceedings{cdpp1,
	Adsnote = {Provided by the SAO/NASA Astrophysics Data System},
	Adsurl = {http://adsabs.harvard.edu/abs/2010SPIE.7740E..0DJ},
	Author = {{Jenkins}, J.~M. and {Chandrasekaran}, H. and {McCauliff}, S.~D. and {Caldwell}, D.~A. and {Tenenbaum}, P. and {Li}, J. and {Klaus}, T.~C. and {Cote}, M.~T. and {Middour}, C.},
	Booktitle = {Society of Photo-Optical Instrumentation Engineers (SPIE) Conference Series},
	Date-Added = {2015-03-08 23:51:01 +0000},
	Date-Modified = {2015-03-09 04:03:03 +0000},
	Doi = {10.1117/12.856764},
	Eid = {77400D},
	Month = jul,
	Pages = {0},
	Series = {Society of Photo-Optical Instrumentation Engineers (SPIE) Conference Series},
	Title = {{Transiting planet search in the Kepler pipeline}},
	Volume = 7740,
	Year = 2010,
	Bdsk-Url-1 = {http://dx.doi.org/10.1117/12.856764}}

@article{cdpp2,
	Adsnote = {Provided by the SAO/NASA Astrophysics Data System},
	Adsurl = {http://adsabs.harvard.edu/abs/2012PASP..124.1279C},
	Archiveprefix = {arXiv},
	Author = {{Christiansen}, J.~L. and {Jenkins}, J.~M. and {Caldwell}, D.~A. and {Burke}, C.~J. and {Tenenbaum}, P. and {Seader}, S. and {Thompson}, S.~E. and {Barclay}, T.~S. and {Clarke}, B.~D. and {Li}, J. and {Smith}, J.~C. and {Stumpe}, M.~C. and {Twicken}, J.~D. and {Van Cleve}, J.},
	Date-Added = {2015-03-08 23:49:05 +0000},
	Date-Modified = {2015-03-09 04:02:58 +0000},
	Doi = {10.1086/668847},
	Eprint = {1208.0595},
	Journal = {\pasp},
	Keywords = {Extrasolar Planets},
	Month = dec,
	Pages = {1279-1287},
	Primaryclass = {astro-ph.EP},
	Title = {{The Derivation, Properties, and Value of Kepler''s Combined Differential Photometric Precision}},
	Volume = 124,
	Year = 2012,
	Bdsk-Url-1 = {http://dx.doi.org/10.1086/668847}}
